
@article{
IhakaGentleman-501,
   Author = {Ihaka, Ross and Gentleman, Robert},
   Title = {R: a language for data analysis and graphics},
   Journal = {Journal of computational and graphical statistics},
   Volume = {5},
   Number = {3},
   Pages = {299-314},
   Year = {1996} }




@article{
Ihaka-500,
   Author = {Ihaka, Ross},
   Title = {R: Past and future history},
   Journal = {Computing Science and Statistics},
   Volume = {392-396},
   Year = {1998} }




@misc{
Ihaka-636,
   Author = {Ihaka, R.},
   Title = {R: Past and future history},
   Volume = {30},
   Pages = {392-396},
   Month = {1998},
   ISBN = {1-886658-05-6},
   Year = {1998} }




@book{
MesserschmittSzyperski-609,
   Author = {Messerschmitt, David G. and Szyperski, Clemens},
   Title = {Software ecosystem: understanding an indispensable technology and industry},
   Publisher = {MIT press},
   Year = {2003} }




@article{
GentlemanCarey-499,
   Author = {Gentleman, Robert C. and Carey, Vincent J. and Bates, Douglas M. and Bolstad, Ben and Dettling, Marcel and Dudoit, Sandrine and Ellis, Byron and Gautier, Laurent and Ge, Yongchao and Gentry, Jeff and Hornik, Kurt and Hothorn, Torsten and Huber, Wolfgang and Iacus, Stefano and Irizarry, Rafael and Leisch, Friedrich and Li, Cheng and Maechler, Martin and Rossini, Anthony J. and Sawitzki, Gunther and Smith, Colin and Smyth, Gordon and Tierney, Luke and Yang, Jean YH and Zhang, Jianhua},
   Title = {Bioconductor: open software development for computational biology and bioinformatics},
   Journal = {Genome Biology},
   Volume = {5},
   Number = {10},
   Pages = {R80},
   DOI = {10.1186/gb-2004-5-10-r80},
   Abstract = {The Bioconductor project is an initiative for the collaborative creation of extensible software for computational biology and bioinformatics. The goals of the project include: fostering collaborative development and widespread use of innovative software, reducing barriers to entry into interdisciplinary scientific research, and promoting the achievement of remote reproducibility of research results. We describe details of our aims and methods, identify current challenges, compare Bioconductor to other open bioinformatics projects, and provide working examples.},
   Year = {2004} }




@article{
IansitiLevien-615,
   Author = {Iansiti, Marco and Levien, Roy},
   Title = {Strategy as ecology.},
   Journal = {Harvard business review},
   Volume = {82},
   Number = {3},
   Pages = {68-78},
   Year = {2004} }




@article{
ZeileisGrothendieck-520,
   Author = {Zeileis, Achim and Grothendieck, Gabor},
   Title = {zoo: S3 Infrastructure for Regular and Irregular Time Series},
   Journal = {Journal of Statistical Software},
   Volume = {14},
   Number = {6},
   Pages = {1--27},
   DOI = {10.18637/jss.v014.i06},
   Year = {2005} }




@article{
WuchtyJones-607,
   Author = {Wuchty, Stefan and Jones, Benjamin F. and Uzzi, Brian},
   Title = {The Increasing Dominance of Teams in Production of Knowledge},
   Journal = {Science},
   Volume = {316},
   Number = {5827},
   Pages = {1036-1039},
   DOI = {10.1126/science.1136099},
   Note = {doi: 10.1126/science.1136099
2021/12/27
doi: 10.1126/science.1136099},
   Year = {2007} }




@article{
GrolemundWickham-518,
   Author = {Grolemund, Garrett and Wickham, Hadley},
   Title = {Dates and Times Made Easy with {lubridate}},
   Journal = {Journal of Statistical Software},
   Volume = {40},
   Number = {3},
   Pages = {1--25},
   Year = {2011} }




@inproceedings{
KabbedijkJansen-623,
   Author = {Kabbedijk, Jaap and Jansen, Slinger},
   Title = {Steering insight: An exploration of the ruby software ecosystem},
   BookTitle = { International conference of software business},
   Series= { International conference of software business},
   Publisher = {Springer},
   Pages = {44-55},
   Year = {2011} }




@article{
PebesmaNüst-498,
   Author = {Pebesma, Edzer and Nüst, Daniel and Bivand, Roger},
   Title = {The R software environment in reproducible geoscientific research},
   Journal = {Eos, Transactions American Geophysical Union},
   Volume = {93},
   Number = {16},
   Pages = {163-163},
   DOI = {10.1029/2012EO160003},
   Note = {doi: 10.1029/2012EO160003
Eos Trans. AGU
2020/01/25
doi: 10.1029/2012EO160003},
   Abstract = {Reproducibility is an important aspect of scientific research, because the credibility of science is at stake when research is not reproducible. Like science, the development of good, reliable scientific software is a social process. A mature and growing community relies on the R software environment for carrying out geoscientific research. Here we describe why people use R and how it helps in communicating and reproducing research.},
   Keywords = {R project; reproducible research},
   Year = {2012} }




@article{
Hanssen-614,
   Author = {Hanssen, Geir K.},
   Title = {A longitudinal case study of an emerging software ecosystem: Implications for practice and theory},
   Journal = {Journal of Systems and Software},
   Volume = {85},
   Number = {7},
   Pages = {1455-1466},
   Year = {2012} }




@inproceedings{
GermanAdams-562,
   Author = {German, Daniel M. and Adams, Bram and Hassan, Ahmed E.},
   Title = {The evolution of the R software ecosystem},
   BookTitle = {17th European Conference on Software Maintenance and Reengineering},
   Series= {17th European Conference on Software Maintenance and Reengineering},
   Publisher = {IEEE},
   Pages = {243-252},
   Year = {2013} }




@article{
ManikasHansen-611,
   Author = {Manikas, Konstantinos and Hansen, Klaus Marius},
   Title = {Software ecosystems–A systematic literature review},
   Journal = {Journal of Systems and Software},
   Volume = {86},
   Number = {5},
   Pages = {1294-1306},
   Year = {2013} }




@inproceedings{
HovingSlot-617,
   Author = {Hoving, Rick and Slot, Gabriel and Jansen, Slinger},
   Title = {Python: Characteristics identification of a free open source software ecosystem},
   BookTitle = {2013 7th IEEE International Conference on Digital Ecosystems and Technologies (DEST)},
   Series= {2013 7th IEEE International Conference on Digital Ecosystems and Technologies (DEST)},
   Pages = {13-18},
   Year = {2013} }




@article{
KillickEckley-497,
   Author = {Killick, Rebecca and Eckley, Idris},
   Title = {changepoint: An R package for changepoint analysis},
   Journal = {Journal of statistical software},
   Volume = {58},
   Number = {3},
   Pages = {1-19},
   Year = {2014} }




@article{
Jansen-613,
   Author = {Jansen, Slinger},
   Title = {Measuring the health of open source software ecosystems: Beyond the scope of project health},
   Journal = {Information and Software Technology},
   Volume = {56},
   Number = {11},
   Pages = {1508-1519},
   Year = {2014} }




@inproceedings{
SyeedHansen-624,
   Author = {Syeed, MM Mahbubul and Hansen, Klaus Marius and Hammouda, Imed and Manikas, Konstantinos},
   Title = {Socio-technical congruence in the ruby ecosystem},
   BookTitle = {Proceedings of The International Symposium on Open Collaboration},
   Series= {Proceedings of The International Symposium on Open Collaboration},
   Pages = {1-9},
   Year = {2014} }




@article{
HuberCarey-496,
   Author = {Huber, Wolfgang and Carey, Vincent J. and Gentleman, Robert and Anders, Simon and Carlson, Marc and Carvalho, Benilton S. and Bravo, Hector Corrada and Davis, Sean and Gatto, Laurent and Girke, Thomas and Gottardo, Raphael and Hahne, Florian and Hansen, Kasper D. and Irizarry, Rafael A. and Lawrence, Michael and Love, Michael I. and MacDonald, James and Obenchain, Valerie and Oleś, Andrzej K. and Pagès, Hervé and Reyes, Alejandro and Shannon, Paul and Smyth, Gordon K. and Tenenbaum, Dan and Waldron, Levi and Morgan, Martin},
   Title = {Orchestrating high-throughput genomic analysis with Bioconductor},
   Journal = {Nature Methods},
   Volume = {12},
   Number = {2},
   Pages = {115-121},
   DOI = {10.1038/nmeth.3252},
   Abstract = {A Perspective on the open-source and open-development software project Bioconductor provides an overview for prospective users and developers dealing with high-throughput data in genomics and molecular biology.},
   Year = {2015} }




@misc{
DecanMens-557,
   Author = {Decan, Alexandre and Mens, Tom and Claes, Maelick and Grosjean, Philippe},
   Title = {On the Development and Distribution of R Packages: An Empirical Analysis of the R Ecosystem},
   Abstract = {This paper explores the ecosystem of software packages for R, one of the most popular
environments for statistical computing today. We empirically study how R packages
are developed and distributed on different repositories: CRAN, BioConductor, R-Forge
and GitHub. We also explore the role and size of each repository, the inter-repository
dependencies, and how these repositories grow over time. With this analysis, we provide
a deeper insight into the extent and the evolution of the R package ecosystem.},
   Keywords = {software development, software repository mining, R, software distribution, package, software ecosystem},
   Year = {2015} }




@inproceedings{
PlakidasStevanetic-625,
   Author = {Plakidas, K. and Stevanetic, S. and Schall, D. and Ionescu, T. B. and Zdun, U.},
   Title = {How do software ecosystems evolve? A quantitative assessment of the R ecosystem},
   BookTitle = {ACM International Conference Proceeding Series},
   Series= {ACM International Conference Proceeding Series},
   Volume = {16-23-September-2016},
   Pages = {89-98},
   Note  = {施引文献 :15
Export Date: 4 January 2022
Conference Paper},
   Year = {2016} }




@article{
LowndesBest-495,
   Author = {Lowndes, Julia S. Stewart and Best, Benjamin D. and Scarborough, Courtney and Afflerbach, Jamie C. and Frazier, Melanie R. and O Hara, Casey C. and Jiang, Ning and Halpern, Benjamin S.},
   Title = {Our path to better science in less time using open data science tools},
   Journal = {Nature ecology & evolution},
   Volume = {1},
   Number = {6},
   Pages = {0160},
   Year = {2017} }




@article{
LiYan-559,
   Author = {Li, Kai and Yan, Erjia and Feng, Yuanyuan},
   Title = {How is R cited in research outputs? Structure, impacts, and citation standard},
   Journal = {Journal of Informetrics},
   Volume = {11},
   Number = {4},
   Pages = {989-1002},
   Year = {2017} }




@article{
PlakidasSchall-561,
   Author = {Plakidas, Konstantinos and Schall, Daniel and Zdun, Uwe},
   Title = {Evolution of the R software ecosystem: Metrics, relationships, and their impact on qualities},
   Journal = {Journal of Systems and Software},
   Volume = {132},
   Pages = {119-146},
   Year = {2017} }




@article{
LiYan-560,
   Author = {Li, Kai and Yan, Erjia},
   Title = {Co-mention network of R packages: Scientific impact and clustering structure},
   Journal = {Journal of Informetrics},
   Volume = {12},
   Number = {1},
   Pages = {87-100},
   Year = {2018} }




@article{
KayaAgca-491,
   Author = {Kaya, Efdal and Agca, Muge and Adiguzel, Fatih and Cetin, Mehmet},
   Title = {Spatial data analysis with R programming for environment},
   Journal = {Human and Ecological Risk Assessment: An International Journal},
   Volume = {25},
   Number = {6},
   Pages = {1521-1530},
   DOI = {10.1080/10807039.2018.1470896},
   Note = {doi: 10.1080/10807039.2018.1470896
doi: 10.1080/10807039.2018.1470896},
   Year = {2019} }




@article{
LaiLortie-492,
   Author = {Lai, Jiangshan and Lortie, Christopher J. and Muenchen, Robert A. and Yang, Jian and Ma, Keping},
   Title = {Evaluating the popularity of R in ecology},
   Journal = {Ecosphere},
   Volume = {10},
   Number = {1},
   Pages = {e02567},
   Year = {2019} }




@misc{
Schoch-493,
   Author = {Schoch, David},
   Title = {graphlayouts: Additional Layout Algorithms for Network Visualizations},
   Note = {R package version 0.5.0},
   Year = {2019} }




@misc{
Csárdi-506,
   Author = {Csárdi, Gábor},
   Title = {cranlogs: Download Logs from the RStudio 'CRAN' Mirror},
   Note = {R package version 2.1.1},
   Year = {2019} }




@misc{
Muschelli-513,
   Author = {Muschelli, John},
   Title = {rscopus: Scopus Database API Interface},
   Note = {R package version 0.6.6},
   Year = {2019} }




@article{
WickhamAverick-521,
   Author = {Wickham, Hadley and Averick, Mara and Bryan, Jennifer and Chang, Winston and McGowan, Lucy D'Agostino and François, Romain and Grolemund, Garrett and Hayes, Alex and Henry, Lionel and Hester, Jim},
   Title = {Welcome to the Tidyverse},
   Journal = {Journal of Open Source Software},
   Volume = {4},
   Number = {43},
   Pages = {1686},
   Year = {2019} }




@article{
LiChen-558,
   Author = {Li, Kai and Chen, Pei-Ying and Yan, Erjia},
   Title = {Challenges of measuring software impact through citations: An examination of the lme4 R package},
   Journal = {Journal of Informetrics},
   Volume = {13},
   Number = {1},
   Pages = {449-461},
   Year = {2019} }




@misc{
Huang-503,
   Author = {Huang, Tian-Yuan},
   Title = {akc: Automatic Knowledge Classification},
   Note = {R package version 0.9.5},
   Year = {2020} }




@misc{
Klik-510,
   Author = {Klik, Mark},
   Title = {fst: Lightning Fast Serialization of Data Frames},
   Note = {R package version 0.9.4},
   Year = {2020} }




@misc{
Pedersen-512,
   Author = {Pedersen, Thomas Lin},
   Title = {patchwork: The Composer of Plots},
   Note = {R package version 1.1.1},
   Year = {2020} }




@article{
HuangZhao-519,
   Author = {Huang, Tian-Yuan and Zhao, Bin},
   Title = {tidyfst: Tidy Verbs for Fast Data Manipulation},
   Journal = {Journal of Open Source Software},
   Volume = {5},
   Number = {52},
   Pages = {2388},
   DOI = {10.21105/joss.02388},
   Year = {2020} }




@misc{
R Core Team-494,
   Author = {R Core Team},
   Title = {R: A Language and Environment for Statistical Computing},
   Year = {2021} }




@misc{
DowleSrinivasan-507,
   Author = {Dowle, Matt and Srinivasan, Arun},
   Title = {data.table: Extension of `data.frame`},
   Note = {R package version 1.14.0},
   Year = {2021} }




@misc{
WickhamOis-508,
   Author = {Wickham, Hadley and Ois, Romain Fran and Henry, Lionel and Müller, Kirill},
   Title = {dplyr: A Grammar of Data Manipulation},
   Note = {R package version 1.0.6},
   Year = {2021} }




@misc{
Wickham-509,
   Author = {Wickham, Hadley},
   Title = {dtplyr: Data Table Back-End for dplyr},
   Note = {R package version 1.1.0},
   Year = {2021} }




@misc{
SpinuGrolemund-511,
   Author = {Spinu, Vitalie and Grolemund, Garrett and Wickham, Hadley},
   Title = {lubridate: Make Dealing with Dates a Little Easier},
   Note = {R package version 1.7.10},
   Year = {2021} }




@misc{
Kiener-514,
   Author = {Kiener, Patrice},
   Title = {RWsearch: Lazy Search in R Packages, Task Views, CRAN, the Web. All-in-One
Download},
   Note = {R package version 4.9.3},
   Year = {2021} }


